<?xml version="1.0" encoding="UTF-8"?><collection xmlns="http://www.loc.gov/MARC21/slim"><record><leader>00530nam--2200181-i-4500</leader><controlfield tag="001">000042139</controlfield><controlfield tag="002">20161230</controlfield><controlfield tag="005">20161230201043</controlfield><controlfield tag="008">060222s1000------------r-----000-0-eng-d</controlfield><datafield ind1=" " ind2=" " tag="020"><subfield code="a">9810201559</subfield></datafield><datafield ind1=" " ind2=" " tag="040"><subfield code="a">IFIN-HH</subfield></datafield><datafield ind1=" " ind2=" " tag="080"><subfield code="a">52-726</subfield></datafield><datafield ind1="1" ind2=" " tag="100"><subfield code="a">Buti, B</subfield></datafield><datafield ind1="1" ind2="0" tag="245"><subfield code="a">Solar and planetary plasma physiscs</subfield><subfield code="b">Invited reviews of the 1989 plasma physics college ictp, trieste, italy</subfield><subfield code="c">B. buti (ed.)</subfield></datafield><datafield ind1=" " ind2=" " tag="260"><subfield code="a">Singapore</subfield><subfield code="b">World Scientific</subfield><subfield code="c">1990</subfield></datafield><datafield ind1=" " ind2=" " tag="300"><subfield code="a">VII + 232 P</subfield></datafield><datafield ind1=" " ind2=" " tag="852"><subfield code="a">79218</subfield><subfield code="c">523</subfield></datafield><datafield ind1=" " ind2=" " tag="CAT"><subfield code="a">Sys</subfield><subfield code="c">20141209</subfield><subfield code="h">184408</subfield></datafield></record></collection>